@online{ann-benchmarks,
  title        = {ann-benchmarks},
  date         = 2022,
  url          = {http://ann-benchmarks.com/index.html},
  urldate      = {2022-03-06},
  langid       = {english},
}

@online{git-hnswlib,
  title        = {git-hnswlib},
  date         = 2022,
  url          = {https://github.com/nmslib/hnswlib},
  subtitle     = {hnswlib},
  urldate      = {2022-03-06},
  langid       = {english},
}

@online{git-hnsw,
  title        = {git-hnsw},
  date         = 2022,
  url          = {https://github.com/RadimBaca/HNSW},
  subtitle     = {hnswlib},
  urldate      = {2022-04-10},
  langid       = {english},
}

@online{NNS,
  title        = {Nearest neighbor search},
  date         = 2022,
  url          = {https://en.wikipedia.org/wiki/Nearest_neighbor_search},
  urldate      = {2022-03-06},
  langid       = {english},
}

@online{OptINFORMIX,
  title        = {Optimalizace v INFORMIXU},
  date         = 2022,
  url          = {http://www.ms.mff.cuni.cz/~jkoc5219/Optimalizace_v_INFORMIXU.html},
  urldate      = {2022-04-04},
  langid       = {czech},
}

@article{malkov2018efficient,
  title={Efficient and robust approximate nearest neighbor search using hierarchical navigable small world graphs},
  author={Malkov, Yu A and Yashunin, Dmitry A},
  journal={IEEE transactions on pattern analysis and machine intelligence},
  volume={42},
  number={4},
  pages={824--836},
  year={2018},
  publisher={IEEE}
}

@online{Metriky,
  title        = {Metrick√Ω prostor},
  date         = 2022,
  url          = {https://cs.wikipedia.org/wiki/Metrick%C3%BD_prostor#Definice},
  urldate      = {2022-29-04},
  langid       = {english},
}

@online{KNN-Real-World,
  title        = {K-Nearest Neighbors (KNN) algorithm},
  date         = 2022,
  url          = {https://towardsdatascience.com/k-nearest-neighbors-knn-algorithm-23832490e3f4},
  urldate      = {2022-29-04},
  langid       = {czech},
}