@online{ann-benchmarks,
  title        = {ann-benchmarks},
  date         = 2022,
  url          = {http://ann-benchmarks.com/index.html},
  urldate      = {2022-03-06},
  langid       = {english},
}

@online{git-hnswlib,
  title        = {git-hnswlib},
  date         = 2022,
  url          = {https://github.com/nmslib/hnswlib},
  subtitle     = {hnswlib},
  urldate      = {2022-03-06},
  langid       = {english},
}

@online{NNS,
  title        = {Nearest neighbor search},
  date         = 2022,
  url          = {https://en.wikipedia.org/wiki/Nearest_neighbor_search},
  urldate      = {2022-03-06},
  langid       = {english},
}